@book{scott1996linear,
  title     = {Linear Representations of Finite Groups},
  author    = {Scott, L.L. and Serre, J.P.},
  year      = {1996},
  series    = {Graduate Texts in Mathematics},
  publisher = {{Springer New York}},
  url       = {https://books.google.co.uk/books?id=NCfZgr54TJ4C},
}

@phdthesis{durmus2016high,
  title  = {High Dimensional Markov Chain Monte Carlo Methods: Theory, Methods and Application},
  author = {Durmus, Alain},
  year   = {2016},
  school = {Paris-Sud XI}
}