@article{sinkhorn1967concerning,
  title={Concerning nonnegative matrices and doubly stochastic matrices},
  author={Sinkhorn, Richard and Knopp, Paul},
  journal={Pacific Journal of Mathematics},
  volume={21},
  number={2},
  pages={343--348},
  year={1967},
  publisher={Mathematical Sciences Publishers}
}
